@article{Adeyemo11,
  author = {A.B. Adeyemo and Akintoba Akinwonmi},
  title = {On the {D}iagnosis of {D}iabetes {M}ellitus {U}sing {A}rtificial {N}eural {N}etwork {M}odels},
  journal   = {African Journal Of Computing and ICT},
  volume   = {4},
  number   = {2},
  pages  = {1-8},
  year = {2011},
  month = {September},
}

@misc{Diabetes13,
  title = {What is {D}iabetes? {W}hat causes {D}iabetes?},
  howpublished = "\url{ http://www.medicalnewstoday.com/info/diabetes/}",
  year = {2013},
}

@article{Endo08,
  author = {Arihito Endo and Takeo Shibata and Hiroshi Tanaka},
  title = {Comparison of {S}even {A}lgorithms to {P}redict {B}reast {C}ancer {S}urvival},
  journal = {Biomedical Soft Computing and Human Sciences},
  volume = {13},
  number = {2},
  pages = {11-16},
  year ={2008},
}

@misc{Heaton11a,
author = {Jeff Heaton},
title = {Neural {N}etwork {T}raining ({P}art 3): {G}radient {C}alculation},
URL = {http://www.youtube.com/watch?v=p1-FiWjThs8},
year = {August 2011 }
}

@misc{Heaton11b,
author = {Jeff Heaton},
title = {Neural {N}etwork {T}raining ({P}art 4): {B}ackpropagation},
URL ={http://www.youtube.com/watch?v=p1-FiWjThs8},
year = { August 2011}
}

@manual{Macskassy08,
  author = { Sofus Macskassy},
  title = {Machine {L}earning {S}lide({C}{S} 567)},
  year = {2008}
}

@inproceedings{Mantzaris08,
  author = { Dimitrios Mantzaris and George Anastassopoulos and Dimitrios Lymberopoulos},
  title = {Medical disease prediction using {A}rtificial {N}eural {N}etworks.},
  booktitle = {Proceedings of the 8th IEEE International Conference on Bioinformatics and Bioengineering},
  year = {2008},
  month = {October},
  address = {Athens, Greece},
}

@misc{Medical12,
  title = {Medical {I}nformatics {F}{A}{Q}},
  howpublished = "\url{ http://www.faqs.org/faqs/medical-informatics-faq/}",
  year = {2012},
}

@misc{Model13,
  title = {Model {E}xtremely {C}omplex {F}unctions, {N}eural {N}etworks},
  howpublished = "\url{http://www.statsoft.com/textbook/neural-networks/intro }",
  year = {2013}
}

@manual{Parker06,
  author = { Lynne Parker},
  title = {Notes on {M}ultiLayer, {F}eedforward {N}eural {N}etworks},
  year = {2006},
}

@phdthesis{Philip01,
  author = { Ninan Sajeeth Philip},
  title = {Studies in{ A}rtificial {N}eural {N}etwork {M}odeling},
  year ={2001},
  month = {November},
  school = {Cochin University of Science and Technology}
}

@misc{ROC13,
  title = {R{O}{C} {C}urve analysis in {M}ed{C}alc},
  URL = {http://www.medcalc.org/manual/roc-curves.php},
  year = {2013}
}

@book{Salton83,
  author = {Gerard Salton and Michael McGill},
  title = {Introduction to {M}odern {I}nformation {R}etrieval},
  publisher = {McGraw-Hill, New York},
  address = {NY, USA},
  year ={1983},
}

@conference{Sapon11,
  author = {Muhammad Akmal Sapon and Khadijah Ismail and Suehazlyn Zainudin},
  title = {Prediction of {D}iabetes by using {A}rtificial {N}eural {N}etwork},
  booktitle = {2011 International Conference on Circuits, System and Simulation IPCSIT},
  volume = {7},
  year = {2011},
  publisher = {IACSIT Press, Singapore},
}

@article{Scutari10,
  author = {Marco Scutari},
  title = {Learning {B}ayesian {N}etworks with the bnlearn {R} {P}ackage},
  journal = {Journal of Statistical Software},
  volume = {35},
  pages = {1-22},
  year ={2010},
  month = {July},
}

@article{Shanker96,	
  author = {Murali Shanker},
  title = {Using {N}eural {N}etworks to {P}redict the {O}nset of {D}iabetes {M}ellitus},
  journal   = {Journal of Chemical Information and Computer Sciences},
  volume   = {36},
  year = {1996},
}

@article{Su09,
  author = { Xiaoyuan Su and Taghi Khoshgoftaar},
  title = {A {S}urvey of {C}ollaborative {F}iltering {T}echniques},
  journal = {Advances in Artificial Intelligence},
  volume = {2009},
  number = {4},
  year ={2009},
  month = {January},
}

@inproceedings{Xu08,
  author = { Shuxiang Xu and Ling Chen},
  title = {A {N}ovel {A}pproach for {D}etermining the {O}ptimal {N}umber of {H}idden {L}ayer {N}eurons for {F}{N}{N}â€™s and {I}ts  {A}pplication in {D}ata {M}ining},
  booktitle =  "Proceedings of The 5th International Conference on Information Technology and Applications",
  pages = {683-686},
  year ={2008},
  month = {June},
}
